<ENVELOPE>
<HEADER>
<TALLYREQUEST>Import Data</TALLYREQUEST>
</HEADER>
<BODY>
<IMPORTDATA>
<REQUESTDESC>
<REPORTNAME>All Masters</REPORTNAME>
<STATICVARIABLES>
<SVCURRENTCOMPANY>PMC 19-20</SVCURRENTCOMPANY>
</STATICVARIABLES>
</REQUESTDESC>
<REQUESTDATA>
<TALLYMESSAGE xmlns:UDF="TallyUDF">
 <VOUCHER REMOTEID="5ac20ae0-d3f7-11da-ae64-000d88457808-0000dc98" VCHTYPE="Purchase" ACTION="Create">
  <DATE>20220616</DATE>
  <GUID>5ac20ae0-d3f7-11da-ae64-000d88457808-0000dc98</GUID>
  <NARRATION>HSN 848180  Qty 5 RCC 11223 dtd 16Jun22  Pvt Mrk  81/3 Cases 3  Wt 390 kg  LVL Bno 000954 dtd 31May22 Rs 569719/= CD 4828/=</NARRATION>
  <VOUCHERTYPENAME>Purchase</VOUCHERTYPENAME>
  <VOUCHERNUMBER>2022000954</VOUCHERNUMBER>
  <REFERENCE>000954/31May22</REFERENCE>
  <PARTYLEDGERNAME>LEADER VALVES LTD. &lt;P></PARTYLEDGERNAME>
  <CSTFORMISSUETYPE/>
  <CSTFORMRECVTYPE/>
  <FBTPAYMENTTYPE>Default</FBTPAYMENTTYPE>
  <VCHGSTCLASS/>
  <DIFFACTUALQTY>No</DIFFACTUALQTY>
  <AUDITED>No</AUDITED>
  <FORJOBCOSTING>No</FORJOBCOSTING>
  <ISOPTIONAL>No</ISOPTIONAL>
  <EFFECTIVEDATE>20220616</EFFECTIVEDATE>
  <USEFORINTEREST>No</USEFORINTEREST>
  <USEFORGAINLOSS>No</USEFORGAINLOSS>
  <USEFORGODOWNTRANSFER>No</USEFORGODOWNTRANSFER>
  <USEFORCOMPOUND>No</USEFORCOMPOUND>
  <ALTERID> 103094</ALTERID>
  <EXCISEOPENING>No</EXCISEOPENING>
  <ISCANCELLED>No</ISCANCELLED>
  <HASCASHFLOW>No</HASCASHFLOW>
  <ISPOSTDATED>No</ISPOSTDATED>
  <USETRACKINGNUMBER>No</USETRACKINGNUMBER>
  <ISINVOICE>No</ISINVOICE>
  <MFGJOURNAL>No</MFGJOURNAL>
  <HASDISCOUNTS>No</HASDISCOUNTS>
  <ASPAYSLIP>No</ASPAYSLIP>
  <ISDELETED>No</ISDELETED>
  <ASORIGINAL>No</ASORIGINAL>
  <ALLLEDGERENTRIES.LIST>
   <LEDGERNAME>LEADER VALVES LTD. &lt;P></LEDGERNAME>
   <GSTCLASS/>
   <ISDEEMEDPOSITIVE>No</ISDEEMEDPOSITIVE>
   <LEDGERFROMITEM>No</LEDGERFROMITEM>
   <REMOVEZEROENTRIES>No</REMOVEZEROENTRIES>
   <ISPARTYLEDGER>Yes</ISPARTYLEDGER>
   <AMOUNT>569719.00</AMOUNT>
   <BILLALLOCATIONS.LIST>
    <NAME>000954/31May22</NAME>
    <BILLCREDITPERIOD>30 Days</BILLCREDITPERIOD>
    <BILLTYPE>New Ref</BILLTYPE>
    <AMOUNT>569719.00</AMOUNT>
   </BILLALLOCATIONS.LIST>
  </ALLLEDGERENTRIES.LIST>
  <ALLLEDGERENTRIES.LIST>
   <LEDGERNAME>[71] OMS Purch 18% GST</LEDGERNAME>
   <GSTCLASS/>
   <ISDEEMEDPOSITIVE>Yes</ISDEEMEDPOSITIVE>
   <LEDGERFROMITEM>No</LEDGERFROMITEM>
   <REMOVEZEROENTRIES>No</REMOVEZEROENTRIES>
   <ISPARTYLEDGER>No</ISPARTYLEDGER>
   <AMOUNT>-482812.80</AMOUNT>
  </ALLLEDGERENTRIES.LIST>
  <ALLLEDGERENTRIES.LIST>
   <LEDGERNAME>[72] 18% IGST INPUT TAX</LEDGERNAME>
   <GSTCLASS/>
   <ISDEEMEDPOSITIVE>Yes</ISDEEMEDPOSITIVE>
   <LEDGERFROMITEM>No</LEDGERFROMITEM>
   <REMOVEZEROENTRIES>No</REMOVEZEROENTRIES>
   <ISPARTYLEDGER>No</ISPARTYLEDGER>
   <AMOUNT>-86906.30</AMOUNT>
  </ALLLEDGERENTRIES.LIST>
  <ALLLEDGERENTRIES.LIST>
   <LEDGERNAME>VATAV (PURC)</LEDGERNAME>
   <GSTCLASS/>
   <ISDEEMEDPOSITIVE>No</ISDEEMEDPOSITIVE>
   <LEDGERFROMITEM>No</LEDGERFROMITEM>
   <REMOVEZEROENTRIES>No</REMOVEZEROENTRIES>
   <ISPARTYLEDGER>No</ISPARTYLEDGER>
   <AMOUNT>0.10</AMOUNT>
  </ALLLEDGERENTRIES.LIST>
  <UDF:REFERENCEDATE.LIST DESC="`REFERENCEDATE`" ISLIST="YES">
    <UDF:REFERENCEDATE DESC="`REFERENCEDATE`">20220616</UDF:REFERENCEDATE>
  </UDF:REFERENCEDATE.LIST>
 </VOUCHER>
</TALLYMESSAGE>
<TALLYMESSAGE xmlns:UDF="TallyUDF">
 <VOUCHER REMOTEID="5ac20ae0-d3f7-11da-ae64-000d88457808-0000dcaa" VCHTYPE="Sales" ACTION="Create">
  <DATE>20220616</DATE>
  <GUID>5ac20ae0-d3f7-11da-ae64-000d88457808-0000dcaa</GUID>
  <NARRATION>Auto on 27/06/2022 Party : ZENITH INDL.RUBBER PRODUCTS.</NARRATION>
  <VOUCHERTYPENAME>Sales</VOUCHERTYPENAME>
  <VOUCHERNUMBER>028058</VOUCHERNUMBER>
  <PARTYLEDGERNAME>ZENITH INDL.RUBBER PRODUCTS.</PARTYLEDGERNAME>
  <CSTFORMISSUETYPE/>
  <CSTFORMRECVTYPE/>
  <FBTPAYMENTTYPE>Default</FBTPAYMENTTYPE>
  <DIFFACTUALQTY>No</DIFFACTUALQTY>
  <AUDITED>No</AUDITED>
  <FORJOBCOSTING>No</FORJOBCOSTING>
  <ISOPTIONAL>No</ISOPTIONAL>
  <EFFECTIVEDATE>20220616</EFFECTIVEDATE>
  <USEFORINTEREST>No</USEFORINTEREST>
  <USEFORGAINLOSS>No</USEFORGAINLOSS>
  <USEFORGODOWNTRANSFER>No</USEFORGODOWNTRANSFER>
  <USEFORCOMPOUND>No</USEFORCOMPOUND>
  <ALTERID> 103112</ALTERID>
  <EXCISEOPENING>No</EXCISEOPENING>
  <ISCANCELLED>No</ISCANCELLED>
  <HASCASHFLOW>No</HASCASHFLOW>
  <ISPOSTDATED>No</ISPOSTDATED>
  <USETRACKINGNUMBER>No</USETRACKINGNUMBER>
  <ISINVOICE>No</ISINVOICE>
  <MFGJOURNAL>No</MFGJOURNAL>
  <HASDISCOUNTS>No</HASDISCOUNTS>
  <ASPAYSLIP>No</ASPAYSLIP>
  <ISDELETED>No</ISDELETED>
  <ASORIGINAL>No</ASORIGINAL>
  <ALLLEDGERENTRIES.LIST>
   <LEDGERNAME>ZENITH INDL.RUBBER PRODUCTS.</LEDGERNAME>
   <GSTCLASS/>
   <ISDEEMEDPOSITIVE>Yes</ISDEEMEDPOSITIVE>
   <LEDGERFROMITEM>No</LEDGERFROMITEM>
   <REMOVEZEROENTRIES>No</REMOVEZEROENTRIES>
   <ISPARTYLEDGER>Yes</ISPARTYLEDGER>
   <AMOUNT>-22834.00</AMOUNT>
   <BILLALLOCATIONS.LIST>
    <NAME>028058</NAME>
    <BILLTYPE>New Ref</BILLTYPE>
    <AMOUNT>-22834.00</AMOUNT>
   </BILLALLOCATIONS.LIST>
  </ALLLEDGERENTRIES.LIST>
  <ALLLEDGERENTRIES.LIST>
   <LEDGERNAME>[01] Local Sales 18% GST</LEDGERNAME>
   <GSTCLASS/>
   <ISDEEMEDPOSITIVE>No</ISDEEMEDPOSITIVE>
   <LEDGERFROMITEM>No</LEDGERFROMITEM>
   <REMOVEZEROENTRIES>No</REMOVEZEROENTRIES>
   <ISPARTYLEDGER>No</ISPARTYLEDGER>
   <AMOUNT>19350.40</AMOUNT>
  </ALLLEDGERENTRIES.LIST>
  <ALLLEDGERENTRIES.LIST>
   <LEDGERNAME>[02] 9% CGST Output</LEDGERNAME>
   <GSTCLASS/>
   <ISDEEMEDPOSITIVE>No</ISDEEMEDPOSITIVE>
   <LEDGERFROMITEM>No</LEDGERFROMITEM>
   <REMOVEZEROENTRIES>No</REMOVEZEROENTRIES>
   <ISPARTYLEDGER>No</ISPARTYLEDGER>
   <AMOUNT>1742.00</AMOUNT>
  </ALLLEDGERENTRIES.LIST>
  <ALLLEDGERENTRIES.LIST>
   <LEDGERNAME>[03] 9% SGST Output</LEDGERNAME>
   <GSTCLASS/>
   <ISDEEMEDPOSITIVE>No</ISDEEMEDPOSITIVE>
   <LEDGERFROMITEM>No</LEDGERFROMITEM>
   <REMOVEZEROENTRIES>No</REMOVEZEROENTRIES>
   <ISPARTYLEDGER>No</ISPARTYLEDGER>
   <AMOUNT>1742.00</AMOUNT>
  </ALLLEDGERENTRIES.LIST>
  <ALLLEDGERENTRIES.LIST>
   <LEDGERNAME>VATAV KASAR</LEDGERNAME>
   <GSTCLASS/>
   <ISDEEMEDPOSITIVE>No</ISDEEMEDPOSITIVE>
   <LEDGERFROMITEM>No</LEDGERFROMITEM>
   <REMOVEZEROENTRIES>No</REMOVEZEROENTRIES>
   <ISPARTYLEDGER>No</ISPARTYLEDGER>
   <AMOUNT>-0.40</AMOUNT>
  </ALLLEDGERENTRIES.LIST>
 </VOUCHER>
</TALLYMESSAGE>
<TALLYMESSAGE xmlns:UDF="TallyUDF">
 <VOUCHER REMOTEID="5ac20ae0-d3f7-11da-ae64-000d88457808-0000dcab" VCHTYPE="Sales" ACTION="Create">
  <DATE>20220616</DATE>
  <GUID>5ac20ae0-d3f7-11da-ae64-000d88457808-0000dcab</GUID>
  <NARRATION>Auto on 27/06/2022 Party : EXTINCT FIRE ENGINEERS P.LTD.</NARRATION>
  <VOUCHERTYPENAME>Sales</VOUCHERTYPENAME>
  <VOUCHERNUMBER>028059</VOUCHERNUMBER>
  <PARTYLEDGERNAME>EXTINCT FIRE ENGINEERS P.LTD.</PARTYLEDGERNAME>
  <CSTFORMISSUETYPE/>
  <CSTFORMRECVTYPE/>
  <FBTPAYMENTTYPE>Default</FBTPAYMENTTYPE>
  <DIFFACTUALQTY>No</DIFFACTUALQTY>
  <AUDITED>No</AUDITED>
  <FORJOBCOSTING>No</FORJOBCOSTING>
  <ISOPTIONAL>No</ISOPTIONAL>
  <EFFECTIVEDATE>20220616</EFFECTIVEDATE>
  <USEFORINTEREST>No</USEFORINTEREST>
  <USEFORGAINLOSS>No</USEFORGAINLOSS>
  <USEFORGODOWNTRANSFER>No</USEFORGODOWNTRANSFER>
  <USEFORCOMPOUND>No</USEFORCOMPOUND>
  <ALTERID> 103113</ALTERID>
  <EXCISEOPENING>No</EXCISEOPENING>
  <ISCANCELLED>No</ISCANCELLED>
  <HASCASHFLOW>No</HASCASHFLOW>
  <ISPOSTDATED>No</ISPOSTDATED>
  <USETRACKINGNUMBER>No</USETRACKINGNUMBER>
  <ISINVOICE>No</ISINVOICE>
  <MFGJOURNAL>No</MFGJOURNAL>
  <HASDISCOUNTS>No</HASDISCOUNTS>
  <ASPAYSLIP>No</ASPAYSLIP>
  <ISDELETED>No</ISDELETED>
  <ASORIGINAL>No</ASORIGINAL>
  <ALLLEDGERENTRIES.LIST>
   <LEDGERNAME>EXTINCT FIRE ENGINEERS P.LTD.</LEDGERNAME>
   <GSTCLASS/>
   <ISDEEMEDPOSITIVE>Yes</ISDEEMEDPOSITIVE>
   <LEDGERFROMITEM>No</LEDGERFROMITEM>
   <REMOVEZEROENTRIES>No</REMOVEZEROENTRIES>
   <ISPARTYLEDGER>Yes</ISPARTYLEDGER>
   <AMOUNT>-33724.00</AMOUNT>
   <BILLALLOCATIONS.LIST>
    <NAME>028059</NAME>
    <BILLTYPE>New Ref</BILLTYPE>
    <AMOUNT>-33724.00</AMOUNT>
   </BILLALLOCATIONS.LIST>
  </ALLLEDGERENTRIES.LIST>
  <ALLLEDGERENTRIES.LIST>
   <LEDGERNAME>[01] Local Sales 18% GST</LEDGERNAME>
   <GSTCLASS/>
   <ISDEEMEDPOSITIVE>No</ISDEEMEDPOSITIVE>
   <LEDGERFROMITEM>No</LEDGERFROMITEM>
   <REMOVEZEROENTRIES>No</REMOVEZEROENTRIES>
   <ISPARTYLEDGER>No</ISPARTYLEDGER>
   <AMOUNT>28580.00</AMOUNT>
  </ALLLEDGERENTRIES.LIST>
  <ALLLEDGERENTRIES.LIST>
   <LEDGERNAME>[02] 9% CGST Output</LEDGERNAME>
   <GSTCLASS/>
   <ISDEEMEDPOSITIVE>No</ISDEEMEDPOSITIVE>
   <LEDGERFROMITEM>No</LEDGERFROMITEM>
   <REMOVEZEROENTRIES>No</REMOVEZEROENTRIES>
   <ISPARTYLEDGER>No</ISPARTYLEDGER>
   <AMOUNT>2572.00</AMOUNT>
  </ALLLEDGERENTRIES.LIST>
  <ALLLEDGERENTRIES.LIST>
   <LEDGERNAME>[03] 9% SGST Output</LEDGERNAME>
   <GSTCLASS/>
   <ISDEEMEDPOSITIVE>No</ISDEEMEDPOSITIVE>
   <LEDGERFROMITEM>No</LEDGERFROMITEM>
   <REMOVEZEROENTRIES>No</REMOVEZEROENTRIES>
   <ISPARTYLEDGER>No</ISPARTYLEDGER>
   <AMOUNT>2572.00</AMOUNT>
  </ALLLEDGERENTRIES.LIST>
 </VOUCHER>
</TALLYMESSAGE>
<TALLYMESSAGE xmlns:UDF="TallyUDF">
 <VOUCHER REMOTEID="5ac20ae0-d3f7-11da-ae64-000d88457808-0000dcdb" VCHTYPE="Receipt" ACTION="Create">
  <DATE>20220616</DATE>
  <GUID>5ac20ae0-d3f7-11da-ae64-000d88457808-0000dcdb</GUID>
  <NARRATION>Auto on 29-06-2022 HDFC Bank  Cheq # 002266 dtd 15Jun22 Rs 2088 from AMIT SALES CORP.(PARSIWADA). agst Invoice # 028055 Vou no 600125 from AMIT SALES CORP.(PARSIWADA). CHEQ into bank AMCOFD02</NARRATION>
  <VOUCHERTYPENAME>Receipt</VOUCHERTYPENAME>
  <VOUCHERNUMBER>PM/600125</VOUCHERNUMBER>
  <REFERENCE>600125</REFERENCE>
  <PARTYLEDGERNAME>AMIT SALES CORP.(PARSIWADA).</PARTYLEDGERNAME>
  <CSTFORMISSUETYPE/>
  <CSTFORMRECVTYPE/>
  <FBTPAYMENTTYPE>Default</FBTPAYMENTTYPE>
  <VCHGSTCLASS/>
  <DIFFACTUALQTY>No</DIFFACTUALQTY>
  <AUDITED>No</AUDITED>
  <FORJOBCOSTING>No</FORJOBCOSTING>
  <ISOPTIONAL>No</ISOPTIONAL>
  <EFFECTIVEDATE>20220616</EFFECTIVEDATE>
  <USEFORINTEREST>No</USEFORINTEREST>
  <USEFORGAINLOSS>No</USEFORGAINLOSS>
  <USEFORGODOWNTRANSFER>No</USEFORGODOWNTRANSFER>
  <USEFORCOMPOUND>No</USEFORCOMPOUND>
  <ALTERID> 103167</ALTERID>
  <EXCISEOPENING>No</EXCISEOPENING>
  <ISCANCELLED>No</ISCANCELLED>
  <HASCASHFLOW>Yes</HASCASHFLOW>
  <ISPOSTDATED>No</ISPOSTDATED>
  <USETRACKINGNUMBER>No</USETRACKINGNUMBER>
  <ISINVOICE>No</ISINVOICE>
  <MFGJOURNAL>No</MFGJOURNAL>
  <HASDISCOUNTS>No</HASDISCOUNTS>
  <ASPAYSLIP>No</ASPAYSLIP>
  <ISDELETED>No</ISDELETED>
  <ASORIGINAL>Yes</ASORIGINAL>
  <ALLLEDGERENTRIES.LIST>
   <LEDGERNAME>AMIT SALES CORP.(PARSIWADA).</LEDGERNAME>
   <GSTCLASS/>
   <ISDEEMEDPOSITIVE>No</ISDEEMEDPOSITIVE>
   <LEDGERFROMITEM>No</LEDGERFROMITEM>
   <REMOVEZEROENTRIES>No</REMOVEZEROENTRIES>
   <ISPARTYLEDGER>Yes</ISPARTYLEDGER>
   <AMOUNT>2088.00</AMOUNT>
  </ALLLEDGERENTRIES.LIST>
  <ALLLEDGERENTRIES.LIST>
   <LEDGERNAME>AMCO BANK F/D.O/D 30511.[17.75)</LEDGERNAME>
   <GSTCLASS/>
   <ISDEEMEDPOSITIVE>Yes</ISDEEMEDPOSITIVE>
   <LEDGERFROMITEM>No</LEDGERFROMITEM>
   <REMOVEZEROENTRIES>No</REMOVEZEROENTRIES>
   <ISPARTYLEDGER>Yes</ISPARTYLEDGER>
   <AMOUNT>-2088.00</AMOUNT>
  </ALLLEDGERENTRIES.LIST>
 </VOUCHER>
</TALLYMESSAGE>
</REQUESTDATA>
</IMPORTDATA>
</BODY>
</ENVELOPE>
