<root>
<TALLYMESSAGE xmlns:UDF="TallyUDF">
 <VOUCHER REMOTEID="5ac20ae0-d3f7-11da-ae64-000d88457808-0000dc98" VCHTYPE="Purchase" ACTION="Create">
  <DATE>20220616</DATE>
  <GUID>5ac20ae0-d3f7-11da-ae64-000d88457808-0000dc98</GUID>
  <NARRATION>HSN 848180  Qty 5 RCC 11223 dtd 16Jun22  Pvt Mrk  81/3 Cases 3  Wt 390 kg  LVL Bno 000954 dtd 31May22 Rs 569719/= CD 4828/=</NARRATION>
  <VOUCHERTYPENAME>Purchase</VOUCHERTYPENAME>
  <VOUCHERNUMBER>2022000954</VOUCHERNUMBER>
  <REFERENCE>000954/31May22</REFERENCE>
  <PARTYLEDGERNAME>LEADER VALVES LTD. &lt;P></PARTYLEDGERNAME>
  <CSTFORMISSUETYPE/>
  <CSTFORMRECVTYPE/>
  <FBTPAYMENTTYPE>Default</FBTPAYMENTTYPE>
  <VCHGSTCLASS/>
  <DIFFACTUALQTY>No</DIFFACTUALQTY>
  <AUDITED>No</AUDITED>
  <FORJOBCOSTING>No</FORJOBCOSTING>
  <ISOPTIONAL>No</ISOPTIONAL>
  <EFFECTIVEDATE>20220616</EFFECTIVEDATE>
  <USEFORINTEREST>No</USEFORINTEREST>
  <USEFORGAINLOSS>No</USEFORGAINLOSS>
  <USEFORGODOWNTRANSFER>No</USEFORGODOWNTRANSFER>
  <USEFORCOMPOUND>No</USEFORCOMPOUND>
  <ALTERID> 103094</ALTERID>
  <EXCISEOPENING>No</EXCISEOPENING>
  <ISCANCELLED>No</ISCANCELLED>
  <HASCASHFLOW>No</HASCASHFLOW>
  <ISPOSTDATED>No</ISPOSTDATED>
  <USETRACKINGNUMBER>No</USETRACKINGNUMBER>
  <ISINVOICE>No</ISINVOICE>
  <MFGJOURNAL>No</MFGJOURNAL>
  <HASDISCOUNTS>No</HASDISCOUNTS>
  <ASPAYSLIP>No</ASPAYSLIP>
  <ISDELETED>No</ISDELETED>
  <ASORIGINAL>No</ASORIGINAL>
  <ALLLEDGERENTRIES.LIST>
   <LEDGERNAME>LEADER VALVES LTD. &lt;P></LEDGERNAME>
   <GSTCLASS/>
   <ISDEEMEDPOSITIVE>No</ISDEEMEDPOSITIVE>
   <LEDGERFROMITEM>No</LEDGERFROMITEM>
   <REMOVEZEROENTRIES>No</REMOVEZEROENTRIES>
   <ISPARTYLEDGER>Yes</ISPARTYLEDGER>
   <AMOUNT>569719.00</AMOUNT>
   <BILLALLOCATIONS.LIST>
    <NAME>000954/31May22</NAME>
    <BILLCREDITPERIOD>30 Days</BILLCREDITPERIOD>
    <BILLTYPE>New Ref</BILLTYPE>
    <AMOUNT>569719.00</AMOUNT>
   </BILLALLOCATIONS.LIST>
  </ALLLEDGERENTRIES.LIST>
  <ALLLEDGERENTRIES.LIST>
   <LEDGERNAME>[71] OMS Purch 18% GST</LEDGERNAME>
   <GSTCLASS/>
   <ISDEEMEDPOSITIVE>Yes</ISDEEMEDPOSITIVE>
   <LEDGERFROMITEM>No</LEDGERFROMITEM>
   <REMOVEZEROENTRIES>No</REMOVEZEROENTRIES>
   <ISPARTYLEDGER>No</ISPARTYLEDGER>
   <AMOUNT>-482812.80</AMOUNT>
  </ALLLEDGERENTRIES.LIST>
  <ALLLEDGERENTRIES.LIST>
   <LEDGERNAME>[72] 18% IGST INPUT TAX</LEDGERNAME>
   <GSTCLASS/>
   <ISDEEMEDPOSITIVE>Yes</ISDEEMEDPOSITIVE>
   <LEDGERFROMITEM>No</LEDGERFROMITEM>
   <REMOVEZEROENTRIES>No</REMOVEZEROENTRIES>
   <ISPARTYLEDGER>No</ISPARTYLEDGER>
   <AMOUNT>-86906.30</AMOUNT>
  </ALLLEDGERENTRIES.LIST>
  <ALLLEDGERENTRIES.LIST>
   <LEDGERNAME>VATAV (PURC)</LEDGERNAME>
   <GSTCLASS/>
   <ISDEEMEDPOSITIVE>No</ISDEEMEDPOSITIVE>
   <LEDGERFROMITEM>No</LEDGERFROMITEM>
   <REMOVEZEROENTRIES>No</REMOVEZEROENTRIES>
   <ISPARTYLEDGER>No</ISPARTYLEDGER>
   <AMOUNT>0.10</AMOUNT>
  </ALLLEDGERENTRIES.LIST>
  <UDF:REFERENCEDATE.LIST DESC="`REFERENCEDATE`" ISLIST="YES">
    <UDF:REFERENCEDATE DESC="`REFERENCEDATE`">20220616</UDF:REFERENCEDATE>
  </UDF:REFERENCEDATE.LIST>
 </VOUCHER>
</TALLYMESSAGE>
</root>

